@inproceedings{
    nbt,
    title = {Neural Belief Tracker: Data-Driven Dialogue State Tracking},
    author = {Mrk{\v{s}}i{\'c}, Nikola  and
      {\'O} S{\'e}aghdha, Diarmuid  and
      Wen, Tsung-Hsien  and
      Thomson, Blaise  and
      Young, Steve},
    booktitle = {Proceedings of the 55th Annual Meeting of the Association for Computational Linguistics (Volume 1: Long Papers)},
    year = {2017},
    pages = {1777--1788}
}

@inproceedings{
  e2e,
  author = {Liu, Bing and Lane, Ian},
  year = {2017},
  pages = {2506--2510},
  title = {An End-to-End Trainable Neural Network Model with Belief Tracking for Task-Oriented Dialog},
  booktitle = {Proceedings of Interspeech 2017}
}

@InProceedings{
dstc8,
author = {Kim, Seokhwan and Galley, Michel and Gunasekara, Chulaka and Lee, Sungjin and Atkinson, Adam and Peng, Baolin and Schulz, Hannes and Gao, Jianfeng and Li, Jinchao and Adada, Mahmoud and Huang, Minlie and Lastras, Luis and Kummerfeld, Jonathan K. and Lasecki, Walter S. and Hori, Chiori and Cherian, Anoop and Marks, Tim K. and Rastogi, Abhinav and Zang, Xiaoxue and Sunkara, Srinivas and Gupta, Raghav},
title = {The Eighth Dialog System Technology Challenge},
booktitle = {Third NeurIPS workshop on Conversational AI: “Today's Practice and Tomorrow's Potential”},
year = {2019}
}

@InProceedings{letsgo,
author = {Raux, Antoine and Langner, Brian and Bohus, Dan and Black, Alan W and Eskenazi, Maxine},
title = {Let's Go Public! Taking a Spoken Dialog System to the Real World},
booktitle = {Proceedings of INTERSPEECH 2005},
pages = {885--888},
year = {2005}
}

@InProceedings{crf,
author = {Raymond, Christian and Riccardi, Giuseppe},
title = {Generative and discriminative algorithms for spoken language understanding},
booktitle = {Proceedings of INTERSPEECH 2007},
pages = {1605--1608},
year = {2005},
}

@InProceedings{pomdp,
author = {Young, Steve},
title = {Using POMDPS for dialog management},
booktitle = {2006 IEEE Spoken Language Technology Workshop},
pages = {8--13},
year = {2006},
}

@inproceedings{bert,
    title = "{BERT}: Pre-training of Deep Bidirectional Transformers for Language Understanding",
    author = "Devlin, Jacob  and
      Chang, Ming-Wei  and
      Lee, Kenton  and
      Toutanova, Kristina",
    booktitle = "Proceedings of the 2019 Conference of the North {A}merican Chapter of the Association for Computational Linguistics: Human Language Technologies, Volume 1 (Long and Short Papers)",
    year = "2019",
    pages = "4171--4186",
}

@incollection{transformer,
title = {Attention is All you Need},
author = {Vaswani, Ashish and Shazeer, Noam and Parmar, Niki and Uszkoreit, Jakob and Jones, Llion and Gomez, Aidan N and Kaiser, \L ukasz and Polosukhin, Illia},
booktitle = {Advances in Neural Information Processing Systems 30},
pages = {5998--6008},
year = {2017},
}

@inproceedings{bert_dst,
author = {Chao, Guan-Lin and Lane, Ian},
year = {2019},
pages = {1468--1472},
title = {BERT-DST: Scalable End-to-End Dialogue State Tracking with Bidirectional Encoder Representations from Transformer},
booktitle = {Proceedings of INTERSPEECH 2019}
}

@inproceedings{
  joint,
  title = {Multi-task Learning for Joint Language Understanding and Dialogue State Tracking},
  author = {Rastogi, Abhinav  and
      Gupta, Raghav  and
      Hakkani-Tur, Dilek},
  booktitle = {Proceedings of the 19th Annual {SIG}dial Meeting on Discourse and Dialogue},
  year = {2018},
  pages = {376--384}
}

@inproceedings{kanren,
author = {Sharma, Sanuj and Choubey, Prafulla and Huang, Ruihong},
year = {2019},
pages = {576-581},
title = {Improving Dialogue State Tracking by Discerning the Relevant Context},
booktitle = {Proceedings of the 2019 Conference of the North American Chapter of the Association for Computational Linguistics: Human Language Technologies, Volume 1 (Long and Short Papers)}
}

@inproceedings{glad,
    title = {Global-Locally Self-Attentive Encoder for Dialogue State Tracking},
    author = {Zhong, Victor  and
      Xiong, Caiming  and
      Socher, Richard},
    booktitle = {Proceedings of the 56th Annual Meeting of the Association for Computational Linguistics (Volume 1: Long Papers)},
    year = {2018},
    pages = {1458--1467}
}

@article{adam,
author = {Kingma, Diederik and Ba, Jimmy},
year = {2014},
title = {Adam: A Method for Stochastic Optimization},
journal = {International Conference on Learning Representations}
}

@inproceedings{multi-woz,
    title = {MultiWOZ - A Large-Scale Multi-Domain Wizard-of-Oz Dataset for Task-Oriented Dialogue Modelling},
    author = {Budzianowski, Pawe{\l}  and
      Wen, Tsung-Hsien  and
      Tseng, Bo-Hsiang  and
      Casanueva, I{\~n}igo  and
      Ultes, Stefan  and
      Ramadan, Osman  and
      Ga{\v{s}}i{\'c}, Milica},
    booktitle = {Proceedings of the 2018 Conference on Empirical Methods in Natural Language Processing},
    year = {2018},
    pages = {5016--5026},
}

@inproceedings{dstc2,
    title = "The Second Dialog State Tracking Challenge",
    author = "Henderson, Matthew  and
      Thomson, Blaise  and
      Williams, Jason D.",
    booktitle = "Proceedings of the 15th Annual Meeting of the Special Interest Group on Discourse and Dialogue ({SIGDIAL})",
    year = "2014",
    pages = "263--272",
}

@article{dstc8-great,
title = {An End-to-End Dialogue State Tracking System withMachine Reading Comprehension and Wide \& Deep Classification},
author = {Ma, Yue and Zeng, Zengfeng and Zhu, Dawei and LiYiying Yang, Xuan and Yao, Xiaoyuan and Zhou, Kaijie and Shen, Jianping },
journal = {arXiv preprint arXiv:1912.09297},
year = {2019}
}

@article{rule_base,
title = {Recurrent Polynomial Network for Dialogue State Tracking},
author = {Sun, Kai and Xie, Qizhe and Yu, Kai },
journal = {arXiv preprint arXiv:1507.03934},
year = {2015}
}

@article{pomdp_review,
author = {Young, Steve and Gasic, Milica and Thomson, Blaise and Williams, Jason},
year = {2013},
pages = {1160-1179},
title = {POMDP-based statistical spoken dialog systems: A review},
volume = {101},
journal = {Proceedings of the IEEE}
}

@inproceedings{trade,
    title = {Transferable Multi-Domain State Generator for Task-Oriented Dialogue Systems},
    author = {Wu, Chien-Sheng  and
      Madotto, Andrea  and
      Hosseini-Asl, Ehsan  and
      Xiong, Caiming  and
      Socher, Richard  and
      Fung, Pascale},
    booktitle = {Proceedings of the 57th Annual Meeting of the Association for Computational Linguistics},
    year = {2019},
    pages = {808--819},
}

@inproceedings{joint1,
author = {Henderson, Matthew and Thomson, Blaise and Young, Steve},
year = {2014},
pages = {292--299},
title = {Word-Based Dialog State Tracking with Recurrent Neural Networks},
booktitle = {Proceedings of the 15th Annual Meeting of the Special Interest Group on Discourse and Dialogue (SIGDIAL)}
}

@inproceedings{joint2,
author = {Zilka, Lukas and Jurcicek, Filip},
year = {2015},
pages = {757--762},
title = {Incremental LSTM-based dialog state tracker},
booktitle = {2015 IEEE Workshop on Automatic Speech Recognition and Understanding (ASRU)}
}

@inproceedings{joint3,
    title = {A Network-based End-to-End Trainable Task-oriented Dialogue System},
    author = {Wen, Tsung-Hsien  and
      Vandyke, David  and
      Mrk{\v{s}}i{\'c}, Nikola  and
      Ga{\v{s}}i{\'c}, Milica  and
      Rojas-Barahona, Lina M.  and
      Su, Pei-Hao  and
      Ultes, Stefan  and
      Young, Steve},
    booktitle = {Proceedings of the 15th Conference of the {E}uropean Chapter of the Association for Computational Linguistics: Volume 1, Long Papers},
    year = {2017},
    pages = {438--449},
}

@inproceedings{mrc,
author = {Gao, Shuyang and Sethi, Abhishek and Agarwal, Sanchit and Chung, Tagyoung and Hakkani-Tur, Dilek},
year = {2019},
pages = {264--273},
title = {Dialog State Tracking: A Neural Reading Comprehension Approach},
booktitle = {Proceedings of the 20th Annual SIGdial Meeting on Discourse and Dialogue}
}

@article{mmdagent,
author={圭一郎, 大浦 and 大介, 山本 and 逸, 内匠 and 晃伸, 李 and 恵一, 徳田},
title={キャンパスの公共空間におけるユーザ参加型双方向音声案内デジタルサイネージシステム(\verb|<|特集\verb|>|音声対話システムの実用化に向けて)},
journal={人工知能学会誌},
year={2013},
volume={28},
number={1},
pages={60--67},
}

@book{deeplearning,
    title={Deep Learning},
    author={Ian Goodfellow and Yoshua Bengio and Aaron Courville},
    publisher={MIT Press},
    note={\url{http://www.deeplearningbook.org}},
    year={2016}
}

@journal{sgd,
author = {Rastogi, Abhinav and Zang, Xiaoxue and Sunkara, Srinivas and Gupta, Raghav and Khaitan, Pranav},
year = {2019},
title = {Towards Scalable Multi-domain Conversational Agents: The Schema-Guided Dialogue Dataset},
journal = {arXiv preprint arXiv:1909.05855}
}

@misc{abci,
title = {“ABCI”},
note = {\url{https://abci.ai/ja/}}
}

@misc{baseline,
title = {“DSTC8-Track4 のベースラインモデル”},
note = {\url{https://github.com/google-research/google-research/tree/master/schema_guided_dst}}
}